@misc{leforg,
    author = "Members of Kermit LeForg",
    title = "Kermit LeForg's LaTeX Template",
    year = "2022",
    url  = "https://github.com/Kermit-LeForg/latex-report-template",
    addendum = "(accessed: 2022.02.14)",
    keywords = "latex,leforg"
}